@book {htf:esl,
	AUTHOR = {Hastie, Trevor and Tibshirani, Robert and Friedman, Jerome},
	TITLE = {The elements of statistical learning},
	SUBTITLE = {Data mining, inference, and prediction},	
	SERIES = {Springer Series in Statistics},
	EDITION = {Second},
	PUBLISHER = {Springer, New York},
	YEAR = {2009},
	PAGES = {xxii+745},
	ISBN = {978-0-387-84857-0},
	MRCLASS = {62Gxx (62-09 62H25 62H30 62J07 68T05)},
	MRNUMBER = {2722294},
	MRREVIEWER = {Gilles Blanchard},
	DOI = {10.1007/978-0-387-84858-7},
	URL = {https://doi.org/10.1007/978-0-387-84858-7},
}

@book {jwht:intro,
	AUTHOR = { James, G. and Witten, D. and Hastie, T. and Tibshirani, R},
	TITLE = {An Introduction to Statistical Learning},
	SUBTITLE = {with Applications in R},	
	SERIES = {Springer Texts in Statistics},
	PUBLISHER = {Springer, New York},
	YEAR = {2013},
}
